@misc{elisa,
     title = {Pr\'actica 10: Algoritmo gen\'etico },
     author = {Schaeffer, E.},
     url = {https://elisa.dyndns-web.com/teaching/comp/par/p10.html},
     year = 2020
}
@misc{ana,
     title = {P10},
     author = {Llano,A.},
     url = {https://github.com/anaeli24/simulacion/tree/master/p10},
     year = 2020
}
@misc{elisadisc,
title = {Conversacion en Discord},
  author = {Schaeffer, E.},
year=2020
}
@misc{elitedisc,
title = {Conversacion en Discord},
  author = {Oviedo, V.},
year=2020
}
@misc{daliadisc,
title = {Conversacion en Discord},
  author = {Solis, D.},
year=2020
}
