@misc{elisa,
     title = {Pr\'actica 9: Modelo de urnas },
     author = {Schaeffer, E.},
     url = {https://elisa.dyndns-web.com/teaching/comp/par/p9.html},
     year = 2020
}
@misc{ana,
     title = {P9},
     author = {Llano,A.},
     url = {https://github.com/anaeli24/simulacion/tree/master/p9},
     year = 2020
}
@misc{elisadisc,
title = {Conversacion en Discord},
  author = {Schaeffer, E.},
year=2020
}
@misc{elitedisc,
title = {Conversacion en Discord},
  author = {Oviedo, V.},
year=2020
}
@misc{daliadisc,
title = {Conversacion en Discord},
  author = {Solis, D.},
year=2020
}
