@misc{Eli,
 author = {Schaeffer, E.},
 title = {Pr{\'a}ctica 1: Movimiento Browniano},
 url = {https://elisa.dyndns-web.com/teaching/comp/par/p1.html},
 year = {2020},
 month = {sep}
}
@misc{tarea1,
  author = {Llano,A.},
  title = {Pr{\'a}ctica1},
  url = {https://github.com/anaeli24/simulacion/tree/master/tarea1}
}
@misc{baz,
author={Estudia con Albert Einstein},
tittle= {El movimiento Browniano},
url= {https://sites.google.com/site/estudiaconalberteinstein/el-movimiento-browniano.}
}
