@misc{elisa,
     title = {Pr{\'a}ctica 2:CellularAutomata},
     author = {Schaeffer, E.},
     url = {https://elisa.dyndns-web.com/teaching/comp/par/p2.html},
     year = 2020
}

@misc{ana,
     title = {P2},
     author = {Llano,A.},
     url = {https://github.com/anaeli24/simulacion/tree/master/t2},
     year = 2020
}

@misc{SatuElisa,
     title = {Simulaci\'{o}n: CellularAutomata},
     author = {Schaffer, E.},
     url = {https://github.com/satuelisa/Simulation/tree/master/CellularAutomata},
     year = 2020
}
@art{ret1,
  author = {Berthier,J.},
  title = {Response function of coarsening systems},
  journal = {The european physical journal b}, 
  pages = {635-641},
  year = 1999
 url={https://www.researchgate.net/publication/225770383_Response_Function_of_Coarsening_Systems,
}
@misc{ana1,
     title = {P2},
     author = {Llano,A.},
     url = {https://github.com/anaeli24/simulacion/tree/master/t2/reto%201},
     year = 2020
}