@misc{elisa,
     title = {Atracci\'on y repulsi\'on en Python},
     author = {Schaeffer, E.},
     url = {https://github.com/satuelisa/Simulation/blob/master/Particles/interaction.py},
     year = 2020
}

@misc{ana,
     title = {Pfinal},
     author = {Llano,A.},
     url = {https://github.com/anaeli24/simulacion/tree/master/Proyecto%20Final},
     year = 2020
}

@misc{python,
author={Python {S}oftware {F}oundation},
year=2020,
title={Python {L}anguage {R}eference, version 3.7},
url={https://www.python.org/}
}

@Book{LDIM,
    author={Satoh, A},
    title={Introduction to Practice of Molecular Simulation Molecular Dynamics, Monte Carlo, Brownian Dynamics, Lattice Boltzmann, Dissipative Particle Dynamics},
    publisher={Akita Prefectural University Japan},
    year=2011
}

@misc{nano,
title = {Concepto de nanotecnologia},
  author = {Raffino, M},
 url = {https://concepto.de/nanotecnologia/},
year=2020
}

@misc{Dm,
title = {Modelado y simulaci\'on din\'amica molecular: una herramienta para la industria},
  author = {Arce, A},
 url = {https://www.fundacionayesa.org/modelado-y-simulacion-dinamica-molecular-una-herramienta-para-la-industria},
year=2015
}

@Article{revist,
     author = {Lozano, J},
     title={What do you know about... Molecular Dynamics?},
     journal={Revista mexicana de ciencias farmaceuticas},
    year=2014
}

@Article{DMA,
     author = {Aldaco, J},
     title={La Din\'amica Molecular como herramienta para el an\'alisis de la f\'isica de la fractura fr\'agil},
     journal={Ingenierias},
    year=2013
}

@Book{new,
    AUTHOR={Duran, A},
    TITLE={La ley de la gravedad Newton, La fuerza mas atractiva del universo},
    PUBLISHER={National Geographic},
    YEAR=2012
}

@Article{docM,
     author = {Morales, M},
     title={Mecanica 3d: python y el algoritmo de Verlet},
     journal={REVISTA MEXICANA DE FISICA E 60 51â€“65},
    year=2014
}

@misc{LJN,
title = {El potencial de Lennard-Jones},
  author = {Zammataro, L},
 url = {https://ichi.pro/es/el-potencial-de-lennard-jones-59041756300396},
year=2020
}