@misc{elisa,
     title = {Pr{\'a}ctica 6: Sistema Multiagente},
     author = {Schaeffer, E.},
     url = {https://elisa.dyndns-web.com/teaching/comp/par/p6.html},
     year = 2020
}
@misc{clara,
title = {Pr\'actica 6},
  author = {Tellez.C},
  url = {https://github.com/claratepa/Simulacion/tree/master/Practica6},
year=2020
}
@misc{ana,
     title = {P6},
     author = {Llano,A.},
     url = {https://github.com/anaeli24/simulacion/tree/master/p6},
     year = 2020
}

