@misc{baz,
 author = {Schaffer, E.},
 title = {Practica 1:{Movimiento Browniano},
 url = {https://elisa.dyndns-web.com/teaching/comp/par/p1.html},
 year = 2020,
 month = sep,
}

@misc{elis,
author= {Shaffer,E},
year=2020,
title= {Conversacion en Discord},
month = sep,
}

@misc{clara,
  author = {Tellez.C},
  title = {Pr\'actica 1},
  url = {https://github.com/claratepa/Simulacion/tree/master/Practica1},
year=2020,
month = sep,
}

@misc{yo,
  author = {Llano,A},
  title = {Pr\'actica 1},
  url = {https://github.com/anaeli24/simulacion/tree/master/practica1},
year=2020,
month = sep,
}