@misc{Eli,
author= {{Shaffer,E}},
year=2020,
title= {Conversacionen vivo durante las clases}
}
@misc{elis,
 author = {Schaeffer, E.},
 title = {Pr{\'a}ctica 1: {M}ovimiento {B}rowniano},
 url = {https://elisa.dyndns-web.com/teaching/comp/par/p1.html},
 year = 2020,
 month = sep
}
@misc{practica1
  author = {Llano,A},
  title = {Pr{\'a}ctica 1},
  url = {https://github.com/anaeli24/simulacion/tree/master/practica1}
}
