@misc{elisa,
     title = {Pr{\'a}ctica 7:B\'usqueda local },
     author = {Schaeffer, E.},
     url = {https://elisa.dyndns-web.com/teaching/comp/par/p7.html},
     year = 2020
}
@misc{elisaclass,
title = {Pr\'actica 7: B\'usqueda local},
  author = {Schaeffer, E.},
  url = {https://www.twitch.tv/videos/784743242},
year=2020
}
@misc{ana,
     title = {P7},
     author = {Llano,A.},
     url = {https://github.com/anaeli24/simulacion/tree/master/p7},
     year = 2020
}
@misc{inter,
     title = {Animated Gift},
     url = {https://ezgif.com/maker},
     year = 2020
}

