@misc{elisa,
     title = {Pr{\'a}ctica 5: M\'etodo Monte Carlo},
     author = {Schaeffer, E.},
     url = {https://elisa.dyndns-web.com/teaching/comp/par/p5.html},
     year = 2020
}
@misc{kurt,
     title = {Aplicaci\'on de la t\'ecnica de simulaci\'on Monte Carlo},
     author = { P\'erez, P.},
  url = {https://www.famaf.unc.edu.ar/~pperez1/manuales/cim/cap6.html},
     year = 2018
}
@misc{ana,
     title = {P5},
     author = {Llano,A.},
     url = {https://github.com/anaeli24/simulacion/tree/master/p5},
     year = 2020
}

