@book{libro,
author={Mi madre},
title={algo importante},
publisher={cambidge university press},
}

@article{art,
author={fulana tal},
title= {cosas},
journal={revista},
volume={35,
number=3,
month=apr,
year= 2015
}

@misc{otra,
author= {{Mis amigos de discord}},
year=2020,
title= {Conversacionen vivo durante las clases},
