@misc{elisadyndns,
     title = {Pr{\'a}ctica 1: movimiento Browniano},
     author = {Schaeffer, E.},
     url = {https://elisa.dyndns-web.com/teaching/comp/par/p1.html},
     year = 2020
}

@misc{Tarea1,
     title = {T1 Movimiento Browniano},
     author = {Solis, D.},
     url = {https://github.com/daliciasolis23/Simulacion/tree/master/T1},
     year = 2020
}

@misc{SatuElisa,
     title = {Simulaci\'{o}n: BrownianMotion},
     author = {Schaffer, E.},
     url = {https://github.com/satuelisa/Simulation/commit/0d8b52bf7c25794e0fc16ce179c5524acb6e626d},
     year = 2020
}