@misc{elisa,
     title = {Pr{\'a}ctica 3: Teor\'ia de colas},
     author = {Schaeffer, E.},
     url = {https://elisa.dyndns-web.com/teaching/comp/par/p3.html},
     year = 2020
}
@misc{elisa1,
     title = {Conversacion en Discord},
     author = {Conversacion en clase.},
     year = 2020
}
@misc{ana,
     title = {P3},
     author = {Llano,A.},
     url = {https://github.com/anaeli24/simulacion/master},
     year = 2020
}

