@misc{elisa,
     title = {Pr{\'a}ctica 4: diagramas de voronoi},
     author = {Schaeffer, E.},
     url = {https://elisa.dyndns-web.com/teaching/comp/par/p4.html},
     year = 2020
}
@misc{elisa1,
     title = {Conversacion en Discord},
     author = {Conversacion en clase.},
     year = 2020
}
@misc{ana,
     title = {P4},
     author = {Llano,A.},
     url = {https://github.com/anaeli24/simulacion/tree/master/p4},
     year = 2020
}

