@misc{elisa,
     title = {Pr\'actica 8: Modelo de urnas },
     author = {Schaeffer, E.},
     url = {https://elisa.dyndns-web.com/teaching/comp/par/p78.html},
     year = 2020
}
@misc{elisaclass,
title = {Pr\'actica 8: Modelo de urnas},
  author = {Schaeffer, E.},
  url = {https://www.twitch.tv/videos/791998406},
year=2020
}
@misc{ana,
     title = {P8},
     author = {Llano,A.},
     url = {https://github.com/anaeli24/simulacion/tree/master/p8},
     year = 2020
}
@misc{elisadisc,
title = {Conversacion en Discord},
  author = {Schaeffer, E.},
year=2020
}
@misc{elitedisc,
title = {Conversacion en Discord},
  author = {Oviedo, V.},
year=2020
}
