@misc{elisa,
     title = {Pr\'actica 11: Frentes de pareto },
     author = {Schaeffer, E.},
     url = {https://elisa.dyndns-web.com/teaching/comp/par/p11.html},
     year = 2020
}
@misc{ana,
     title = {P10},
     author = {Llano,A.},
     url = {https://github.com/anaeli24/simulacion/tree/master/p11},
     year = 2020
}
@misc{elisadisc,
title = {Conversacion en Discord},
  author = {Schaeffer, E.},
year=2020
}
@misc{elitedisc,
title = {Conversacion en Discord},
  author = {Oviedo, V.},
year=2020
}
@misc{daliadisc,
title = {Conversacion en Discord},
  author = {Solis, D.},
year=2020
}
@misc{clara,
title = {Practica 11},
url = {https://github.com/claratepa/Simulacion/tree/master/Practica11},
  author = {Tellez, C.},
year=2020
}
@misc{coca,
title = {Practica 11},
url = {https://sourceforge.net/projects/simulacionnano/files/P11/},
  author = {Coca, E.},
year=2018
}